@article{Patrignani:2016xqp,
      author         = "Patrignani, C. and others",
      title          = "Review of Particle Physics",
      collaboration  = "Particle Data Group",
      journal        = "Chin. Phys.",
      volume         = "C40",
      year           = "2016",
      number         = "10",
      pages          = "100001",
      doi            = "10.1088/1674-1137/40/10/100001",
      SLACcitation   = "%%CITATION = CHPHD,C40,100001;%%"
}
@article{deFlorian:2016spz,
      author         = "de Florian, D. and others",
      title          = "{Handbook of LHC Higgs Cross Sections: 4. Deciphering 
      the Nature of the Higgs Sector}",
      collaboration  = "LHC Higgs Cross Section Working Group",
      doi            = "10.23731/CYRM-2017-002",
      year           = "2016",
      eprint         = "1610.07922",
      archivePrefix  = "arXiv",
      primaryClass   = "hep-ph",
      reportNumber   = "FERMILAB-FN-1025-T, CERN-2017-002-M",
      SLACcitation   = "%%CITATION = ARXIV:1610.07922;%%"
}
@article{Degrande:2016dqg,
      author         = "Degrande, Celine and Fuks, Benjamin and Mawatari,
                        Kentarou and Mimasu, Ken and Sanz, Veronica",
      title          = "{Electroweak Higgs boson production in the standard model
                        effective field theory beyond leading order in QCD}",
      journal        = "Eur. Phys. J.",
      volume         = "C77",
      year           = "2017",
      number         = "4",
      pages          = "262",
      doi            = "10.1140/epjc/s10052-017-4793-x",
      eprint         = "1609.04833",
      archivePrefix  = "arXiv",
      primaryClass   = "hep-ph",
      reportNumber   = "IPPP-16-80, LPSC16198",
      SLACcitation   = "%%CITATION = ARXIV:1609.04833;%%"
}

@article{Giudice:2007fh,
	Archiveprefix = {arXiv},
	Author = {Giudice, G.F. and Grojean, C. and Pomarol, A. and Rattazzi, R.},
	Doi = {10.1088/1126-6708/2007/06/045},
	Eprint = {hep-ph/0703164},
	Journal = {JHEP},
	Keywords = {composite,Higgs},
	Pages = {045},
	Primaryclass = {hep-ph},
	Reportnumber = {CERN-PH-TH-2007-47},
	Slaccitation = {%%CITATION = HEP-PH/0703164;%%},
	Title = {{The Strongly-Interacting Light Higgs}},
	Volume = {0706},
	Year = {2007}
}

@article{Contino:2013kra,
	Archiveprefix = {arXiv},
	Author = {Contino, Roberto and Ghezzi, Margherita and Grojean, Christophe and Muhlleitner, Margarete and Spira, Michael},
	Doi = {10.1007/JHEP07(2013)035},
	Eprint = {1303.3876},
	Journal = {JHEP},
	Keywords = {Higgs,EFT},
	Pages = {035},
	Primaryclass = {hep-ph},
	Reportnumber = {CERN-PH-TH-2013-047, KA-TP-06-2013, PSI-PR-13-04},
	Slaccitation = {%%CITATION = ARXIV:1303.3876;%%},
	Title = {{Effective Lagrangian for a light Higgs-like scalar}},
	Volume = {1307},
	Year = {2013}
}

@article{Alloul:2013naa,
	Archiveprefix = {arXiv},
	Author = {Alloul, Adam and Fuks, Benjamin and Sanz, Ver{\'o}nica},
	Doi = {10.1007/JHEP04(2014)110},
	Eprint = {1310.5150},
	Journal = {JHEP},
	Keywords = {Higgs, EFT},
	Pages = {110},
	Primaryclass = {hep-ph},
	Reportnumber = {CERN-PH-TH-2013-248},
	Slaccitation = {%%CITATION = ARXIV:1310.5150;%%},
	Title = {{Phenomenology of the Higgs Effective Lagrangian via FEYNRULES}},
	Volume = {04},
	Year = {2014}
}


